@article{
year={2004},
issn={0925-2738},
journal={Journal of Biomolecular NMR},
volume={30},
number={1},
doi={10.1023/B:JNMR.0000042954.99056.ad},
title={Mars - robust automatic backbone assignment of proteins},
url={http://dx.doi.org/10.1023/B%3AJNMR.0000042954.99056.ad},
publisher={Kluwer Academic Publishers},
keywords={automated assignment; NMR; software; structural genomics; triple resonance; unfolded protein},
author={Jung, Young-Sang and Zweckstetter, Markus},
pages={11-23},
language={English}
}
