@book{j48_algorithm,
    address = {San Mateo, CA},
    author = {Ross Quinlan},
    publisher = {Morgan Kaufmann Publishers},
    title = {C4.5: Programs for Machine Learning},
    year = {1993}
 }

  @inproceedings{decisiontable_algorithm,
    author = {Ron Kohavi},
    booktitle = {8th European Conference on Machine Learning},
    pages = {174-189},
    publisher = {Springer},
    title = {The Power of Decision Tables},
    year = {1995}
 }

@article{lmt_algorithm,
    author = {Niels Landwehr and Mark Hall and Eibe Frank},
    journal = {Machine Learning},
    number = {1-2},
    pages = {161-205},
    title = {Logistic Model Trees},
    volume = {95},
    year = {2005}
 }

 @ARTICLE{aria,
    author = {Jens P. Linge and Michael Habeck and Wolfgang Rieping and Michael Nilges},
    title = {ARIA: Automated NOE assignment and NMR structure calculation},
    journal = {Bioinformatics},
    year = {},
    pages = {2003}
}

@article{mars,  title={Mars-robust automatic backbone assignment of proteins},
  author={Jung, Y.S. and Zweckstetter, M.},
  journal={Journal of Biomolecular NMR},
  volume={30},
  number={1},
  pages={11--23},
  year={2004},
  publisher={Springer},
  url={http://dx.doi.org/10.1023/B:JNMR.0000042954.99056.ad}}

  @article{nmrpipe,
  title={NMRPipe: A multidimensional spectral processing system based on UNIX pipes},
  author={Delaglio, F. and Grzesiek, S. and Vuister, G.W. and Zhu, G. and Pfeifer, J. and Bax, A.},
  journal={Journal of Biomolecular NMR},
  volume={6},
  number={3},
  pages={277--293},
  year={1995},
  publisher={Springer},
  url={http://dx.doi.org/10.1007/BF00197809}}

@article{guntert,
year={2009},
issn={0175-7571},
journal={European Biophysics Journal},
volume={38},
number={2},
doi={10.1007/s00249-008-0367-z},
title={Automated structure determination from NMR spectra},
url={http://dx.doi.org/10.1007/s00249-008-0367-z},
publisher={Springer-Verlag},
keywords={Protein structure; NMR assignment; Automated assignment; Chemical shift; FLYA algorithm},
author={G\"{u}ntert, Peter},
pages={129-143},
language={English}
}

@MISC{zimmerman,
    author = {Diane E. Zimmerman and Casimir A. Kulikowski and Yuanpeng Huang and Wenqing Feng and Mitsuru Tashiro and Sakurako Shimotakahara and Chen-ya Chien and Robert Powers and Gaetano T. Montelione},
    title = {Automated Analysis of Protein NMR Assignments Using Methods from Artificial Intelligence},
    year = {1997}
}

@article{biomagresbank,
  author = {Ulrich, Eldon L. and Akutsu, Hideo and Doreleijers, Jurgen F. and Harano, Yoko and Ioannidis, Yannis E. and Lin, Jundong and Livny, Miron and Mading, Steve and Maziuk, Dimitri and Miller, Zachary and Nakatani, Eiichi and Schulte, Christopher F. and Tolmie, David E. and Wenger, R. Kent and Yao, Hongyang and Markley, John L.},
  biburl = {http://www.bibsonomy.org/bibtex/2e5759a123a8ceaecc1fe739ce4b7066d/dblp},
  date = {2008-01-23},
  description = {dblp},
  ee = {http://dx.doi.org/10.1093/nar/gkm957},
  interhash = {42b614ad58e75ed286f0f4142a5cb481},
  intrahash = {e5759a123a8ceaecc1fe739ce4b7066d},
  journal = {Nucleic Acids Research},
  keywords = {dblp},
  number = {Database-Issue},
  pages = {402-408},
  timestamp = {2008-01-23T00:00:00.000+0100},
  title = {BioMagResBank.},
  url = {http://dblp.uni-trier.de/db/journals/nar/nar36.html#UlrichADHILLMMMNSTWYM08},
  volume = 36,
  year = {2008}
}

@ARTICLE{garant,
    author = {Christian Bartels and Peter Güntert and Martin Billeter and Kurt Wüthrich},
    title = {GARANT - A General Algorithm for Resonance Assignment of Multidimensional Nuclear Magnetic Resonance Spectra},
    journal = {Journal of Computational Chemistry},
    year = {1997},
    volume = {18},
    pages = {139--149}
}

@inbook{moseley,
    author = {Moseley, Hunter N. B. and Monleon, Daniel and Montelione, Gaetano T.},
    doi = {10.1016/s0076-6879(01)39311-4},
    isbn = {9780121822408},
    keywords = {assignment, autoassign, nmr},
    pages = {91--108},
    priority = {2},
    publisher = {Elsevier},
    title = {{[6] Automatic determination of protein backbone resonance assignments from triple resonance nuclear magnetic resonance data}},
    url = {http://dx.doi.org/10.1016/s0076-6879(01)39311-4},
    volume = {339},
    year = {2001}
}

@article{goddard,
	author= {T. D. Goddard and D.G. Kneller},
	title = {SPARKY 3},
	journal = {University of California, San Francisco}
}

@article{wishart,
    issn = {0829-8211},
    author = {Wishart, D.S. and Nip, A.M.},
    journal = {Biochemistry and cell biology},
    number = {2-3},
    pages = {153--163},
    pmid = {9923684},
    title = {{Protein chemical shift analysis: a practical guide.}},
    url = {http://view.ncbi.nlm.nih.gov/pubmed/9923684},
    volume = {76},
    year = {1998}
}

@article{wang,
    doi = {10.1110/ps.3180102},
    issn = {0961-8368},
    journal = {Protein science : a publication of the Protein Society},
    keywords = {cs\_statistics},
    month = {Apr},
    number = {4},
    pages = {852--861},
    pmid = {11910028},
    address = {Division of Chemical Biology, Department of Molecular Pharmacology, Stanford University, Stanford, California 94305, USA.},
    author = {Wang, Y. and Jardetzky, O.},
    title = {{Probability-based protein secondary structure identification using combined NMR chemical-shift data.}},
    url = {http://dx.doi.org/10.1110/ps.3180102},
    volume = {11},
    year = {2002}
}

@article {kilpatrick,
author = {Kilpatrick, Adina M. and Koharudin, Leonardus M.I. and Calero, Guillermo A. and Gronenborn, Angela M.},
title = {Structural and binding studies of the C-terminal domains of yeast TFIIF subunits Tfg1 and Tfg2},
journal = {Proteins: Structure, Function, and Bioinformatics},
volume = {80},
number = {2},
publisher = {Wiley Subscription Services, Inc., A Wiley Company},
issn = {1097-0134},
url = {http://dx.doi.org/10.1002/prot.23217},
doi = {10.1002/prot.23217},
pages = {519--529},
keywords = {NMR, CS-ROSETTA, transcription factors, winged-helix fold, yeast},
year = {2012},
}
