@book{j48_algorithm,
    address = {San Mateo, CA},
    author = {Ross Quinlan},
    publisher = {Morgan Kaufmann Publishers},
    title = {C4.5: Programs for Machine Learning},
    year = {1993}
 }

  @inproceedings{decisiontable_algorithm,
    author = {Ron Kohavi},
    booktitle = {8th European Conference on Machine Learning},
    pages = {174-189},
    publisher = {Springer},
    title = {The Power of Decision Tables},
    year = {1995}
 }

@article{lmt_algorithm,
    author = {Niels Landwehr and Mark Hall and Eibe Frank},
    journal = {Machine Learning},
    number = {1-2},
    pages = {161-205},
    title = {Logistic Model Trees},
    volume = {95},
    year = {2005}
 }

 @ARTICLE{aria,
    author = {Jens P. Linge and Michael Habeck and Wolfgang Rieping and Michael Nilges},
    title = {ARIA: Automated NOE assignment and NMR structure calculation},
    journal = {Bioinformatics},
    year = {},
    pages = {2003}
}

@article{mars,  title={Mars-robust automatic backbone assignment of proteins},
  author={Jung, Y.S. and Zweckstetter, M.},
  journal={Journal of Biomolecular NMR},
  volume={30},
  number={1},
  pages={11--23},
  year={2004},
  publisher={Springer},
  url={http://dx.doi.org/10.1023/B:JNMR.0000042954.99056.ad}}

  @article{nmrpipe,  title={NMRPipe: A multidimensional spectral processing system based on UNIX pipes},
  author={Delaglio, F. and Grzesiek, S. and Vuister, G.W. and Zhu, G. and Pfeifer, J. and Bax, A.},
  journal={Journal of Biomolecular NMR},
  volume={6},
  number={3},
  pages={277--293},
  year={1995},
  publisher={Springer},
  url={http://dx.doi.org/10.1007/BF00197809}}

  @article{guntert,
    author = {G\"{u}ntert, Peter},
    booktitle = {European Biophysics Journal},
    doi = {10.1007/s00249-008-0367-z},
    issn = {0175-7571},
    keywords = {cshift, methods, nmr, structure},
    number = {2},
    pages = {129-143+},
    priority = {2},
    publisher = {Springer-Verlag},
    title = {{Automated structure determination from NMR spectra}},
    url = {http://dx.doi.org/10.1007/s00249-008-0367-z},
    volume = {38},
    year = {2009}
}

@MISC{zimmerman,
    author = {Diane E. Zimmerman and Casimir A. Kulikowski and Yuanpeng Huang and Wenqing Feng and Mitsuru Tashiro and Sakurako Shimotakahara and Chen-ya Chien and Robert Powers and Gaetano T. Montelione},
    title = {Automated Analysis of Protein NMR Assignments Using Methods from Artificial Intelligence},
    year = {1997}
}

@article{biomagresbank,
  author = {Ulrich, Eldon L. and Akutsu, Hideo and Doreleijers, Jurgen F. and Harano, Yoko and Ioannidis, Yannis E. and Lin, Jundong and Livny, Miron and Mading, Steve and Maziuk, Dimitri and Miller, Zachary and Nakatani, Eiichi and Schulte, Christopher F. and Tolmie, David E. and Wenger, R. Kent and Yao, Hongyang and Markley, John L.},
  biburl = {http://www.bibsonomy.org/bibtex/2e5759a123a8ceaecc1fe739ce4b7066d/dblp},
  date = {2008-01-23},
  description = {dblp},
  ee = {http://dx.doi.org/10.1093/nar/gkm957},
  interhash = {42b614ad58e75ed286f0f4142a5cb481},
  intrahash = {e5759a123a8ceaecc1fe739ce4b7066d},
  journal = {Nucleic Acids Research},
  keywords = {dblp},
  number = {Database-Issue},
  pages = {402-408},
  timestamp = {2008-01-23T00:00:00.000+0100},
  title = {BioMagResBank.},
  url = {http://dblp.uni-trier.de/db/journals/nar/nar36.html#UlrichADHILLMMMNSTWYM08},
  volume = 36,
  year = 2008
}

@ARTICLE{garant,
    author = {Christian Bartels and Peter Güntert and Martin Billeter and Kurt Wüthrich},
    title = {GARANT - A General Algorithm for Resonance Assignment of Multidimensional Nuclear Magnetic Resonance Spectra},
    journal = {Journal of Computational Chemistry},
    year = {1997},
    volume = {18},
    pages = {139--149}
}

@book{james,
      author        = "James, Thomas L",
      title         = "{Nuclear Magnetic Resonance of Biological Macromolecules,
                       Pt.B}",
      publisher     = "Elsevier",
      address       = "San Diego, CA",
      year          = "2001",
}

@inbook{moseley,
    author = {Moseley, Hunter N. B. and Monleon, Daniel and Montelione, Gaetano T.},
    doi = {10.1016/s0076-6879(01)39311-4},
    isbn = {9780121822408},
    keywords = {assignment, autoassign, nmr},
    pages = {91--108},
    priority = {2},
    publisher = {Elsevier},
    title = {{[6] Automatic determination of protein backbone resonance assignments from triple resonance nuclear magnetic resonance data}},
    url = {http://dx.doi.org/10.1016/s0076-6879(01)39311-4},
    volume = {339},
    year = {2001}
}