@TECHREPORT{Alipanahi09ipass:error,
    author = {Babak Alipanahi and Xin Gao and Emre Karakoc and Frank Balbach and Shuai Cheng Li and Guangyu Feng and Logan Donaldson and Ming Li},
    title = {IPASS: error tolerant NMR backbone resonance assignment by linear programming},
    institution = {},
    year = {2009}
}