@book {test,
    AUTHOR = {Landman, Bruce M. and Robertson, Aaron},
     TITLE = {Ramsey theory on the integers},
    SERIES = {Student Mathematical Library},
    VOLUME = {24},
 PUBLISHER = {American Mathematical Society},
   ADDRESS = {Providence, RI},
      YEAR = {2004},
     PAGES = {xvi+317},
      ISBN = {0-8218-3199-2},
   MRCLASS = {05D10 (11B75)},
  MRNUMBER = {2020361 (2004h:05125)},
MRREVIEWER = {Mikl{\'o}s B{\'o}na},
}